<record><leader>00000cas a22000001a 4500</leader><controlfield tag="001">32800614</controlfield><controlfield tag="007">hd afu---baca</controlfield><controlfield tag="007">hd bfu---baaa</controlfield><controlfield tag="008">950711d18171832kyuwr nea     0   a0eng c</controlfield><datafield ind1=" " ind2=" " tag="010"><subfield code="a">sn 94093134 </subfield></datafield><datafield ind1=" " ind2=" " tag="040"><subfield code="a">NN</subfield><subfield code="b">eng</subfield><subfield code="c">RQM</subfield><subfield code="d">OCL</subfield><subfield code="d">OCLCG</subfield><subfield code="d">OCLCQ</subfield><subfield code="d">OCLCA</subfield><subfield code="d">OCLCQ</subfield><subfield code="d">OCLCO</subfield><subfield code="d">OCLCA</subfield><subfield code="d">OCLCF</subfield><subfield code="d">OCLCQ</subfield></datafield><datafield ind1=" " ind2=" " tag="012"><subfield code="i">9507</subfield></datafield><datafield ind1=" " ind2=" " tag="042"><subfield code="a">pcc</subfield></datafield><datafield ind1=" " ind2=" " tag="043"><subfield code="a">n-us-ky</subfield></datafield><datafield ind1="0" ind2=" " tag="130"><subfield code="a">Kentucky reporter (Lexington, Ky.)</subfield></datafield><datafield ind1="1" ind2="0" tag="245"><subfield code="a">Kentucky reporter.</subfield></datafield><datafield ind1=" " ind2=" " tag="260"><subfield code="a">Lexington, Ky. :</subfield><subfield code="b">Worsley &amp; Smith,</subfield><subfield code="c">1817-1832.</subfield></datafield><datafield ind1=" " ind2=" " tag="300"><subfield code="a">volumes ;</subfield><subfield code="c">56 cm</subfield></datafield><datafield ind1=" " ind2=" " tag="310"><subfield code="a">Weekly,</subfield><subfield code="b">Jan. 5, 1828-1832</subfield></datafield><datafield ind1=" " ind2=" " tag="321"><subfield code="a">Weekly,</subfield><subfield code="b">1817-Dec. 25, 1826</subfield></datafield><datafield ind1=" " ind2=" " tag="321"><subfield code="a">Semiweekly,</subfield><subfield code="b">Jan. 1-Dec. 29, 1827</subfield></datafield><datafield ind1=" " ind2=" " tag="336"><subfield code="a">text</subfield><subfield code="b">txt</subfield><subfield code="2">rdacontent</subfield></datafield><datafield ind1=" " ind2=" " tag="337"><subfield code="a">microform</subfield><subfield code="b">h</subfield><subfield code="2">rdamedia</subfield></datafield><datafield ind1=" " ind2=" " tag="338"><subfield code="a">microfilm reel</subfield><subfield code="b">hd</subfield><subfield code="2">rdacarrier</subfield></datafield><datafield ind1="0" ind2=" " tag="362"><subfield code="a">Vol. 10, no. 40 (Oct. 1, 1817)-v. 25, no. 14 (Apr. 4, 1832).</subfield></datafield><datafield ind1=" " ind2=" " tag="500"><subfield code="a">Publishers: Thomas Smith, 1819-1828; James W. Palmer, &lt;1828&gt;; T. Smith, 1829-1832.</subfield></datafield><datafield ind1=" " ind2=" " tag="500"><subfield code="a">Editors: W.W. Worsley, 1817-1819; Thomas Smith, 1817-1828.</subfield></datafield><datafield ind1=" " ind2=" " tag="500"><subfield code="a">Supported "People's ticket," and "Farmers' and mechanicks' ticket," &lt;1828&gt;.</subfield></datafield><datafield ind1=" " ind2=" " tag="515"><subfield code="a">Issue for Jan. 7, 1818 misdated Jan. 7, 1817.</subfield></datafield><datafield ind1=" " ind2=" " tag="515"><subfield code="a">Issue for Jan. 6, 1819 misdated Jan. 6, 1818.</subfield></datafield><datafield ind1=" " ind2=" " tag="580"><subfield code="a">Merged with: Lexington observer (Lexington, Ky. : 1831) to form: Lexington observer, and Kentucky reporter.</subfield></datafield><datafield ind1=" " ind2=" " tag="533"><subfield code="a">Microfilm.</subfield><subfield code="m">Nov. 12,1821-Nov. 14,1825:[Gaps]</subfield><subfield code="b">New York :</subfield><subfield code="c">New York Public Library,</subfield><subfield code="d">[19--].</subfield><subfield code="e">microfilm reels ; 35 mm.</subfield><subfield code="n">On film with other titles of the same subject.</subfield></datafield><datafield ind1=" " ind2="0" tag="651"><subfield code="a">Lexington (Ky.)</subfield><subfield code="v">Newspapers.</subfield></datafield><datafield ind1=" " ind2="0" tag="651"><subfield code="a">Fayette County (Ky.)</subfield><subfield code="v">Newspapers.</subfield></datafield><datafield ind1=" " ind2="7" tag="651"><subfield code="a">Kentucky</subfield><subfield code="z">Fayette County.</subfield><subfield code="2">fast</subfield><subfield code="0">(OCoLC)fst01206953</subfield></datafield><datafield ind1=" " ind2="7" tag="651"><subfield code="a">Kentucky</subfield><subfield code="z">Lexington.</subfield><subfield code="2">fast</subfield><subfield code="0">(OCoLC)fst01206432</subfield></datafield><datafield ind1=" " ind2="7" tag="655"><subfield code="a">Newspapers.</subfield><subfield code="2">fast</subfield><subfield code="0">(OCoLC)fst01423814</subfield></datafield><datafield ind1="1" ind2=" " tag="700"><subfield code="a">Worsley, William W.,</subfield><subfield code="d">1780 or 1781-1852.</subfield></datafield><datafield ind1="1" ind2=" " tag="700"><subfield code="a">Smith, Thomas,</subfield><subfield code="d">1789?-1866.</subfield></datafield><datafield ind1=" " ind2=" " tag="752"><subfield code="a">United States</subfield><subfield code="b">Kentucky</subfield><subfield code="c">Fayette</subfield><subfield code="d">Lexington.</subfield></datafield><datafield ind1="1" ind2=" " tag="776"><subfield code="c">Original</subfield><subfield code="w">(DLC)sn 82014509</subfield></datafield><datafield ind1="0" ind2="0" tag="780"><subfield code="t">Reporter (Lexington, Ky.)</subfield></datafield><datafield ind1="0" ind2="5" tag="780"><subfield code="t">North American literary and political register</subfield></datafield><datafield ind1="1" ind2="7" tag="785"><subfield code="t">Lexington observer (Lexington, Ky. : 1831)</subfield></datafield><datafield ind1="1" ind2="7" tag="785"><subfield code="t">Lexington observer, and Kentucky reporter</subfield></datafield><datafield ind1=" " ind2=" " tag="850"><subfield code="a">NN</subfield><subfield code="a">NN (master)</subfield></datafield><datafield ind1="1" ind2=" " tag="029"><subfield code="a">AU@</subfield><subfield code="b">000011871480</subfield></datafield></record>